@article{soden_held_2006,
  title={An assessment of climate feedbacks in coupled ocean--atmosphere models},
  author={Soden, Brian J and Held, Isaac M},
  journal={Journal of Climate},
  volume={19},
  number={14},
  pages={3354--3360},
  year={2006}
}